@BOOK {libroASD,
  TITLE = {Introduzione agli algoritmi e strutture dati},
  AUTHOR = {Cormen, Thomas H. and Leiserson, Charles E. and Rivest, Ronald L. and Stein, Clifford},
  YEAR = 2010,
  PUBLISHER = {McGraw-Hill Education},
}

@misc {src,
    note = {\url{https://www2.cs.sfu.ca/~binay/813.2011/ConvexHulls.pdf}},
}
